@online{history,
	title = {\href{https://blog.risingstack.com/the-history-of-kubernetes}{The History of Kubernetes}}
}
@online{kube_def,
    title = {\href{https://kubernetes.io/docs/concepts/overview/what-is-kubernetes/}{What is Kubernetes?}}
}
@online{kube_arch,
    title = {\href{https://kubernetes.io/docs/concepts/overview/components/}{Kubernetes Components}}
}
@online{kube_conf,
    title = {\href{https://kubernetes.io/docs/concepts/overview/working-with-objects/kubernetes-objects/}{Understanding Kubernetes Objects}}
}
@online{kube_stateless,
    title = {\href{https://kubernetes.io/docs/tasks/run-application/run-stateless-application-deployment/}{Run a Stateless Application Using a Deployment}}
}
